% This file was created with JabRef 2.6.
% Encoding: UTF-8

@OTHER{site1:2011,
  title = {\url{http://www.proz.com/kudoz/english_to_portuguese/computers%3A_hardware/1560052-burst_transfer_rate.html}},
  url = {http://www.proz.com/kudoz/english_to_portuguese/computers%3A_hardware/1560052-burst_transfer_rate.html},
  year = {2011}
}

